<?xml version="1.0" encoding="UTF-8"?><record xmlns="http://www.loc.gov/MARC21/slim" xmlns:cinclude="http://apache.org/cocoon/include/1.0" xmlns:zs="http://www.loc.gov/zing/srw/">
  <leader>00427nz  a2200133n  4500</leader>
  <controlfield tag="001">no2010040580</controlfield>
  <controlfield tag="003">DLC</controlfield>
  <controlfield tag="005">20100312075330.0</controlfield>
  <controlfield tag="008">100310n| acannaabn          |n aaa     c</controlfield>
  <datafield tag="010" ind1=" " ind2=" ">
    <subfield code="a">no2010040580</subfield>
  </datafield>
  <datafield tag="035" ind1=" " ind2=" ">
    <subfield code="a">(OCoLC)oca08420989</subfield>
  </datafield>
  <datafield tag="040" ind1=" " ind2=" ">
    <subfield code="a">IeDuTC</subfield>
    <subfield code="b">eng</subfield>
    <subfield code="c">IeDuTC</subfield>
  </datafield>
  <datafield tag="100" ind1="1" ind2=" ">
    <subfield code="a">Dorothy, Daniel M.</subfield>
  </datafield>
  <datafield tag="670" ind1=" " ind2=" ">
    <subfield code="a">His Mango rains : the true story of a Thai mother's lifelong search for her abducted daughter, 2010 :</subfield>
    <subfield code="b">t.p. (Daniel M Dorothy)</subfield>
  </datafield>
</record>